<record><leader>00000cas a2200000 a 4500</leader><controlfield tag="001">11171673</controlfield><controlfield tag="008">840919d19671976couwr ne      0    0eng d</controlfield><datafield ind1=" " ind2=" " tag="010"><subfield code="a">sn 91052072 </subfield></datafield><datafield ind1=" " ind2=" " tag="040"><subfield code="a">COG</subfield><subfield code="b">eng</subfield><subfield code="c">COG</subfield><subfield code="d">CNQ</subfield><subfield code="d">OCL</subfield><subfield code="d">OCLCQ</subfield></datafield><datafield ind1=" " ind2=" " tag="042"><subfield code="a">msc</subfield></datafield><datafield ind1="0" ind2="0" tag="245"><subfield code="a">Sage reminder.</subfield></datafield><datafield ind1="3" ind2="0" tag="246"><subfield code="a">Glenwood Springs sage reminder</subfield></datafield><datafield ind1=" " ind2=" " tag="260"><subfield code="a">Glenwood Springs, Colo. :</subfield><subfield code="b">Reminder Pub. Co.</subfield></datafield><datafield ind1=" " ind2=" " tag="300"><subfield code="a">v.</subfield></datafield><datafield ind1=" " ind2=" " tag="310"><subfield code="a">Weekly (except Holidays),</subfield><subfield code="b">May 30, 1974-Feb. 19, 1976</subfield></datafield><datafield ind1=" " ind2=" " tag="321"><subfield code="a">Daily (except Sat. and Sun.),</subfield><subfield code="b">&lt;1967&gt;-&lt;1972&gt;</subfield></datafield><datafield ind1=" " ind2=" " tag="321"><subfield code="a">Semiweekly (except Holidays),</subfield><subfield code="b">&lt;1972&gt;-May 23, 1974</subfield></datafield><datafield ind1="0" ind2=" " tag="362"><subfield code="a">Vol. 30, no. 104 (May 31, 1967)-v. 39, no. 30 (Feb. 19, 1976).</subfield></datafield><datafield ind1=" " ind2=" " tag="530"><subfield code="a">Available on microfilm from the Colorado Historical Society.</subfield></datafield><datafield ind1=" " ind2=" " tag="752"><subfield code="a">United States</subfield><subfield code="b">Colorado</subfield><subfield code="c">Garfield</subfield><subfield code="d">Glenwood Springs.</subfield></datafield><datafield ind1="0" ind2="4" tag="780"><subfield code="t">Glenwood Springs morning reminder</subfield><subfield code="w">(DLC)sn 90051741</subfield><subfield code="w">(OCoLC)11171630</subfield></datafield><datafield ind1="0" ind2="4" tag="780"><subfield code="t">Glenwood Springs sage</subfield><subfield code="w">(DLC)sn 90051794</subfield><subfield code="w">(OCoLC)11171591</subfield></datafield><datafield ind1="0" ind2="0" tag="785"><subfield code="t">Weekly newpaper* (Glenwood Springs, Colo. : 1976)</subfield><subfield code="w">(DLC)sn 91052097</subfield></datafield></record>